@INPROCEEDINGS{sdf_tracker,
  author={D. R. {Canelhas} and T. {Stoyanov} and A. J. {Lilienthal}},
  booktitle={2013 IEEE/RSJ International Conference on Intelligent Robots and Systems}, 
  title={SDF Tracker: A parallel algorithm for on-line pose estimation and scene reconstruction from depth images}, 
  year={2013},
  volume={},
  number={},
  pages={3671-3676},
  doi={10.1109/IROS.2013.6696880}}
